1771 3154
331 159 438 202 1310

573 149 857 188 DIONYSII
910 147 1534 190 HALICARNASSENSIS

329 252 431 303 τότε
463 250 590 304 κατ-οὶ
630 253 780 308 πόλεις
821 253 895 319 μὲν
940 252 1083 310 ἦσαν,
1120 253 1450 315 ἐπιφανές-ουτος
1481 250 1532 303 δὲ
1565 261 1600 303 Γ
1602 252 1709 303 ἔλων

179 383 253 416 Per·
267 380 331 414 lul.
339 393 470 423 autem
485 393 580 422 tunc
598 383 814 435 oppidatim
826 381 1135 430 dominabantur,
1146 381 1248 421 inter
1259 394 1355 432 quos
1366 377 1619 422 no'biliffimus
1629 392 1712 422 erat
1746 390 1747 393 ’

178 437 279 471 4224.

179 476 266 506 Ante

181 520 336 561 Chr.490·

181 565 309 604 Offmp.

1606 439 1708 479 Gelo
1727 477 1741 485 „

928 542 1115 584 Tellines.

871 710 1133 775 Dinomenes.

510 846 620 884 Gelo.
704 845 840 885 Hiero.
1003 789 1304 898 'Thrasybulus
1389 845 1604 898 PolyzeluS.

652 899 909 997 Dinc'menes.

651 1114 866 1187 Hierocles.

682 1201 818 1299 Hilero.

345 1372 547 1411 Damarata
676 1315 787 1411 Gel'o.
823 1369 932 1411 Obiit
948 1372 999 1409 vi·
1110 1383 1204 1409 vxor
1221 1370 1332 1412 Zoili.
1419 1359 1618 1412 Heraclea.

345 1439 451 1521 {³322
454 1426 613 1520 1’ίῖιιῑείηι-
788 1440 837 1466 vo
857 1438 979 1478 patre.
1422 1425 1572 1479 Sofippi

346 1593 609 1646 Hieronymus
620 1624 629 1642 ‚
671 1595 735 1646 qui
776 1608 849 1634 auo

308 1649 311 1651 ’
345 1663 442 1701 puer
468 1647 643 1690 succeffit.

348 1708 462 1745 Nunc
481 1708 612 1757 paucis
643 1705 741 1746 istud
766 1705 923 1746 stemma
940 1720 1003 1747 ex-

347 1774 562 1812 ponemus:
602 1763 738 1801 Traxit
763 1763 865 1802 Gelo
894 1761 1003 1802 suum

347 1830 475 1871 genus
494 1816 540 1856 ab
560 1819 817 1870 antiquissimo
836 1819 1003 1870 quodam

346 1875 440 1918 viro,
471 1875 534 1924 qui
562 1887 610 1912 ex
637 1875 736 1914 Telo
768 1871 888 1914 insula
914 1888 1004 1927 pro-

346 1927 464 1982 fugus
490 1931 532 1967 in
562 1931 728 1969 Siciliam
755 1932 872 1979 venit,
905 1932 1003 1970 etin

348 1985 430 2024 eius
467 1984 613 2037 oppido
638 1986 734 2025 Gela
768 1983 876 2025 sedes
908 1986 1001 2026 fixit.

346 2052 436 2079 eum
471 2040 626 2092 quidam
667 2044 904 2081 Oecetorem
941 2055 1005 2080 vo-

506 2096 659 2147 decepti
687 2098 866 2138 videlicet
889 2098 1005 2138 Hero-

346 2107 456 2135 cant:

347 2151 425 2191 doti
444 2152 594 2199 verbis,
629 2167 729 2204 quae
758 2167 839 2192 non
859 2154 1004 2193 intelli-

332 2218 460 2261 gunt.
499 2211 556 2248 Ex
577 2209 690 2248 huius
709 2209 861 2262 profugi
881 2209 1003 2262 poste-

345 2264 395 2301 ris
421 2262 496 2301 fnit
523 2265 701 2303 Teilines
718 2265 892 2316 quidam,
938 2267 1002 2316 qui

345 2317 413 2356 fibi
437 2332 480 2357 ac
490 2320 649 2370 posteris
660 2318 730 2359 suis
747 2319 1001 2360 sacerdotium

345 2373 506 2413 deornm
527 2375 740 2415 inferorum
767 2377 1000 2426 conciliauit,

344 2439 383 2468 vt
404 2432 617 2471 Herodotus
643 2434 817 2483 explicat.
874 2437 998 2474 Fuere

343 2486 466 2538 igitm
478 2493 667 2532 ἱεροφάντας
677 2492 741 2527 τῶν
756 2492 890 2534 χθονίων
906 2491 999 2538 θεῶν,

348 2540 546 2592 cumipse,
581 2554 660 2582 tum
688 2545 751 2595 qui
781 2558 829 2584 ex
863 2558 911 2583 eo
935 2543 999 2582 de-

345 2593 578 2636 scenderunt
605 2611 760 2647 omnes,
808 2598 924 2651 vsque
950 2600 997 2639 ad

345 2653 543 2692 Gelonem
586 2656 820 2695 Dinomenis
866 2655 996 2695 filium.

1439 1495 1546 1522 VXOI'.

918 1594 1133 1636 Harmonia
1179 1605 1275 1634 vxor
1321 1591 1534 1634 Themistii.

1053 1709 1171 1746 Hunc
1189 1707 1458 1746 Dinomenem
1489 1705 1588 1745 filios
1620 1719 1713 1758 qua-

1054 1771 1143 1801 tuor
1169 1760 1364 1813 reliquifl'e
1391 1760 1627 1814 superstites,
1662 1775 1713 1803 ex

1052 1818 1227 1857 Diodoro
1245 1819 1387 1869 liquet:
1414 1830 1454 1857 et
1475 1822 1650 1858 notatum
1673 1818 1712 1860 ,id

1052 1888 1075 1914 a
1121 1873 1313 1925 Scholiaste
1357 1875 1538 1913 Pindari:
1604 1874 1712 1926 apud

1052 1942 1169 1981 quem
1189 1930 1307 1969 exstat
1326 1929 1400 1968 hoc
1417 1942 1570 1968 cannen
1584 1961 1593 1979 ‚
1632 1943 1710 1981 quo

1053 1999 1191 2025 omnes
1217 1986 1454 2027 Dinomenis
1489 1984 1557 2024 filii
1586 1987 1710 2025 nomi-

1051 2053 1216 2081 nantur:
1248 2049 1330 2086 φημὶ
1350 2042 1470 2091 rs‘awv’,
1500 2039 1709 2090 ‘Ifewvoefflo-

1052 2095 1196 2145 λῦζηλον,
1216 2096 1442 2146 &qao-affluar,
1497 2102 1626 2142 Παῖδας
1636 2111 1708 2137 Δει-

1050 2161 1187 2201 νομένες,
1204 2153 1264 2197 ‘rt-24
1282 2158 1436 2200 τρίπσὸκς
1453 2156 1596 2199 θέμενον.
1611 2154 1708 2207 Hip-

1053 2220 1248 2261 pocratem
1269 2207 1443 2248 habuiffe
1463 2222 1551 2248 eum
1569 2208 1705 2260 filium,

1053 2265 1160 2316 quod
1181 2266 1262 2304 vult
1278 2264 1485 2316 Dionyfi'us,
1505 2278 1622 2304 nemo
1644 2278 1707 2305 ve-

1051 2332 1174 2360 terum
1196 2321 1371 2360 tradidit:
1403 2333 1443 2360 et
1461 2322 1623 2360 omuino
1639 2320 1708 2360 sal-

1048 2374 1127 2415 sum
1166 2375 1229 2416 est.
1289 2377 1544 2428 Hippocrates
1585 2378 1703 2426 enim,

1048 2434 1108 2470 cui
1119 2433 1219 2472 Gelo
1241 2429 1414 2480 successit,
1426 2431 1499 2471 fuit
1513 2432 1635 2472 Gelae
1649 2444 1706 2486 ty-

1047 2501 1201 2536 rannuS,
1221 2488 1401 2529 Cleandri
1436 2487 1570 2527 frater:
1623 2502 1703 2540 quo

1048 2555 1199 2583 mortuo
1240 2556 1323 2581 cum
1353 2542 1540 2583 Gelenses
1571 2543 1701 2583 liberis

1048 2601 1127 2639 eius
1145 2600 1296 2639 Euclidi
1317 2612 1354 2638 et
1372 2600 1567 2639 Cleandro
1594 2611 1701 2650 pare·

1046 2669 1088 2695 xe
1109 2653 1338 2701 recusarent,
1367 2656 1486 2704 Gelo,
1518 2667 1702 2706 tanquam

1549 2711 1700 2749 illorum
